<?xml version="1.0" encoding="UTF-8"?><record xmlns="http://www.loc.gov/MARC21/slim" xmlns:cinclude="http://apache.org/cocoon/include/1.0" xmlns:zs="http://www.loc.gov/zing/srw/">
  <leader>00660cz  a2200133n  4500</leader>
  <controlfield tag="001">n 2009218760</controlfield>
  <controlfield tag="003">DLC</controlfield>
  <controlfield tag="005">20120817081347.0</controlfield>
  <controlfield tag="008">090317n| acannaabn          |n ana      </controlfield>
  <datafield tag="010" ind1=" " ind2=" ">
    <subfield code="a">n 2009218760</subfield>
    <subfield code="z">n 2009211296</subfield>
  </datafield>
  <datafield tag="040" ind1=" " ind2=" ">
    <subfield code="a">DLC</subfield>
    <subfield code="b">eng</subfield>
    <subfield code="c">DLC</subfield>
    <subfield code="d">DLC</subfield>
  </datafield>
  <datafield tag="111" ind1="2" ind2=" ">
    <subfield code="a">Cotton Conclave</subfield>
    <subfield code="d">(2008 :</subfield>
    <subfield code="c">Gauhati, India)</subfield>
  </datafield>
  <datafield tag="667" ind1=" " ind2=" ">
    <subfield code="a">THIS 1XX FIELD CANNOT BE USED UNDER RDA UNTIL THIS RECORD HAS BEEN REVIEWED AND/OR UPDATED</subfield>
  </datafield>
  <datafield tag="670" ind1=" " ind2=" ">
    <subfield code="a">Contemporary concerns, 2008:</subfield>
    <subfield code="b">t.p. (Cotton Conclave) pref. (objective is to debate, discuss, and study issues of Assam and Northeast India; organized on 20 and 21 Feb, 2008 at Guwahati, Assam) p. 4 of cover (a forum of Cotton College, Guwahati, India)</subfield>
  </datafield>
</record>